<record><leader>00000cas a22000007a 4500</leader><controlfield tag="001">11765378</controlfield><controlfield tag="008">850305d19211922iauzr ne      0    0eng d</controlfield><datafield ind1=" " ind2=" " tag="010"><subfield code="a">sn 85049514 </subfield></datafield><datafield ind1=" " ind2=" " tag="040"><subfield code="a">INP</subfield><subfield code="b">eng</subfield><subfield code="c">INP</subfield><subfield code="d">NYS</subfield><subfield code="d">OCLCQ</subfield></datafield><datafield ind1=" " ind2=" " tag="042"><subfield code="a">msc</subfield></datafield><datafield ind1="0" ind2=" " tag="130"><subfield code="a">Iowa City Republican (Iowa City, Iowa : 1921 : Triweekly)</subfield></datafield><datafield ind1="1" ind2="0" tag="245"><subfield code="a">Iowa City Republican.</subfield></datafield><datafield ind1="3" ind2="0" tag="246"><subfield code="a">Daily Republican</subfield></datafield><datafield ind1="1" ind2="3" tag="246"><subfield code="a">Iowa City daily Republican</subfield><subfield code="f">Mar. 20-&lt;Sept. 28&gt;, 1922</subfield></datafield><datafield ind1="1" ind2="3" tag="246"><subfield code="a">Iowa City Republican and farmer and breeder</subfield><subfield code="f">&lt;Oct. 5&gt;, 1922</subfield></datafield><datafield ind1="1" ind2="3" tag="246"><subfield code="a">Iowa City Republican and farm news</subfield><subfield code="f">Oct. 12, 1922</subfield></datafield><datafield ind1=" " ind2=" " tag="260"><subfield code="a">Iowa City, Iowa :</subfield><subfield code="b">G.B. Fullmer,</subfield><subfield code="c">1921-1922.</subfield></datafield><datafield ind1=" " ind2=" " tag="300"><subfield code="a">2 v. :</subfield><subfield code="b">ill. ;</subfield><subfield code="c">57 cm.</subfield></datafield><datafield ind1=" " ind2=" " tag="310"><subfield code="a">Weekly,</subfield><subfield code="b">&lt;Oct. 5&gt;-12, 1922</subfield></datafield><datafield ind1=" " ind2=" " tag="321"><subfield code="a">Triweekly,</subfield><subfield code="b">1921-Mar. 15, 1922</subfield></datafield><datafield ind1=" " ind2=" " tag="321"><subfield code="a">Daily,</subfield><subfield code="b">Mar. 20-&lt;Sept. 28&gt;, 1922</subfield></datafield><datafield ind1="0" ind2=" " tag="362"><subfield code="a">Vol. 82, no. 5 (Nov. 14, 1921)-v. 83, no. 56 (Oct. 12, 1922).</subfield></datafield><datafield ind1=" " ind2=" " tag="500"><subfield code="a">Publishers: Republican Pub. Co., Feb. 10-&lt;Sept. 28&gt;, 1922; Stuart Grassfield, &lt;Oct. 5&gt;-12, 1922.</subfield></datafield><datafield ind1=" " ind2=" " tag="500"><subfield code="a">Issue for Mar. 20, 1922, includes section called: "Johnson County Farm Bureau bulletin," v. 4, no. 2 and 3 (Feb. and Mar., 1922).</subfield></datafield><datafield ind1=" " ind2=" " tag="500"><subfield code="a">Editors: Grant B. Fullmer, 1921-Feb. 6, 1922; C.C. Clifton, Feb. 10-Sept. 30, 1922; Stuart Grassfield, Oct. 5-12, 1922.</subfield></datafield><datafield ind1=" " ind2=" " tag="752"><subfield code="a">United States</subfield><subfield code="b">Iowa</subfield><subfield code="c">Johnson</subfield><subfield code="d">Iowa City.</subfield></datafield><datafield ind1="0" ind2="0" tag="780"><subfield code="t">Iowa farm republic</subfield><subfield code="w">(DLC)sn 85049532</subfield></datafield><datafield ind1="0" ind2="0" tag="785"><subfield code="t">Johnson County news</subfield><subfield code="w">(DLC)sn 85050800</subfield></datafield><datafield ind1="1" ind2=" " tag="029"><subfield code="a">AU@</subfield><subfield code="b">000020368915</subfield></datafield></record>